<record><leader>01570cam a2200385 i 4500</leader><controlfield tag="001">6808196</controlfield><controlfield tag="003">OCoLC</controlfield><controlfield tag="005">20150204161755.0</controlfield><controlfield tag="008">141001s2015    ncu      b    001 0 eng  </controlfield><datafield ind1=" " ind2=" " tag="010"><subfield code="a">  2014039066</subfield></datafield><datafield ind1=" " ind2=" " tag="020"><subfield code="a">9780786496211</subfield><subfield code="q">softcover : alk. paper</subfield></datafield><datafield ind1=" " ind2=" " tag="020"><subfield code="a">0786496215</subfield><subfield code="q">softcover : alk. paper</subfield></datafield><datafield ind1=" " ind2=" " tag="020"><subfield code="z">9781476617411</subfield><subfield code="q">ebook</subfield></datafield><datafield ind1="8" ind2=" " tag="024"><subfield code="a">40024316171</subfield></datafield><datafield ind1=" " ind2=" " tag="035"><subfield code="a">ocn892056000</subfield></datafield><datafield ind1=" " ind2=" " tag="040"><subfield code="a">DLC</subfield><subfield code="b">eng</subfield><subfield code="e">rda</subfield><subfield code="c">DLC</subfield><subfield code="d">YDX</subfield><subfield code="d">YDXCP</subfield><subfield code="d">BTCTA</subfield><subfield code="d">BDX</subfield><subfield code="d">OCLCQ</subfield><subfield code="d">YUS</subfield><subfield code="d">CDX</subfield><subfield code="d">CHVBK</subfield><subfield code="d">UAB</subfield><subfield code="d">AEU</subfield></datafield><datafield ind1=" " ind2=" " tag="042"><subfield code="a">pcc</subfield></datafield><datafield ind1="0" ind2="0" tag="050"><subfield code="a">PR9130.9.G8</subfield><subfield code="b">Z93 2015</subfield></datafield><datafield ind1="0" ind2="0" tag="082"><subfield code="a">823/.912</subfield><subfield code="2">23</subfield></datafield><datafield ind1=" " ind2=" " tag="090"><subfield code="a">PS 3513 U412 Z93 2015</subfield><subfield code="b">AEU</subfield></datafield><datafield ind1="1" ind2=" " tag="100"><subfield code="a">Van Dover, J. Kenneth,</subfield><subfield code="e">author.</subfield></datafield><datafield ind1="1" ind2="4" tag="245"><subfield code="a">The Judge Dee novels of R. H. van Gulik :</subfield><subfield code="b">the case of the Chinese detective and the American reader /</subfield><subfield code="c">J.K. Van Dover.</subfield></datafield><datafield ind1="3" ind2=" " tag="246"><subfield code="a">Judge Dee novels of Robert Hans van Gulik</subfield></datafield><datafield ind1=" " ind2="1" tag="264"><subfield code="a">Jefferson, North Carolina :</subfield><subfield code="b">McFarland &amp; Company, Inc., Publishers,</subfield><subfield code="c">[2015]</subfield></datafield><datafield ind1=" " ind2=" " tag="300"><subfield code="a">x, 254 pages ;</subfield><subfield code="c">24 cm</subfield></datafield><datafield ind1=" " ind2=" " tag="336"><subfield code="a">text</subfield><subfield code="b">txt</subfield><subfield code="2">rdacontent</subfield></datafield><datafield ind1=" " ind2=" " tag="337"><subfield code="a">unmediated</subfield><subfield code="b">n</subfield><subfield code="2">rdamedia</subfield></datafield><datafield ind1=" " ind2=" " tag="338"><subfield code="a">volume</subfield><subfield code="b">nc</subfield><subfield code="2">rdacarrier</subfield></datafield><datafield ind1=" " ind2=" " tag="504"><subfield code="a">Includes bibliographical references (pages 243-250) and index.</subfield></datafield><datafield ind1=" " ind2=" " tag="596"><subfield code="a">16</subfield></datafield><datafield ind1="1" ind2="0" tag="600"><subfield code="a">Gulik, Robert Hans van,</subfield><subfield code="d">1910-1967</subfield><subfield code="x">Criticism and interpretation.</subfield></datafield><datafield ind1=" " ind2="0" tag="650"><subfield code="a">Detective and mystery stories</subfield><subfield code="x">History and criticism.</subfield></datafield><datafield ind1=" " ind2="0" tag="650"><subfield code="a">Chinese in literature.</subfield></datafield><datafield ind1=" " ind2=" " tag="949"><subfield code="a">PS 3513 U412 Z93 2015</subfield><subfield code="h">UAAU-B</subfield><subfield code="i">0162035241445</subfield></datafield><datafield ind1=" " ind2=" " tag="926"><subfield code="a">PS 3513 U412 Z93 2015</subfield><subfield code="w">LC</subfield><subfield code="c">1</subfield><subfield code="i">0162035241445</subfield><subfield code="d">2/23/2016</subfield><subfield code="e">1/13/2016</subfield><subfield code="l">ON_SHELF</subfield><subfield code="m">UAAUG</subfield><subfield code="n">1</subfield><subfield code="p">$150.00</subfield><subfield code="r">Y</subfield><subfield code="s">Y</subfield><subfield code="t">BOOK</subfield><subfield code="u">2/19/2015</subfield></datafield></record>